@article{Reddi2020AdaptiveFO,
  title={Adaptive Federated Optimization},
  author={Sashank J. Reddi and Zachary B. Charles and Manzil Zaheer and Zachary Garrett and Keith Rush and Jakub Konecn{\'y} and Sanjiv Kumar and H. B. McMahan},
  journal={ArXiv},
  year={2020},
  volume={abs/2003.00295},
  url={https://api.semanticscholar.org/CorpusID:211678094}
}

@article{Simonyan2014VeryDC,
  title={Very Deep Convolutional Networks for Large-Scale Image Recognition},
  author={Karen Simonyan and Andrew Zisserman},
  journal={CoRR},
  year={2014},
  volume={abs/1409.1556},
  url={https://api.semanticscholar.org/CorpusID:14124313}
}

@article{beutel2020flower,
  title={Flower: A friendly federated learning research framework},
  author={Beutel, Daniel J and Topal, Taner and Mathur, Akhil and Qiu, Xinchi and Fernandez-Marques, Javier and Gao, Yan and Sani, Lorenzo and Li, Kwing Hei and Parcollet, Titouan and de Gusm{\~a}o, Pedro Porto Buarque and others},
  journal={arXiv preprint arXiv:2007.14390},
  year={2020}
}

@article{rahman2021challenges,
author = {Rahman, K M Jawadur and Akther, Nazma and Hasan, Mohammad and Amin, Ruhul and Aziz, Kazi Ehsan and Islam, A.K.M. and Mukta, Saddam and Islam, A.K.M.},
year = {2021},
month = {09},
pages = {1-1},
title = {Challenges, Applications and Design Aspects of Federated Learning: A Survey},
volume = {PP},
journal = {IEEE Access},
doi = {10.1109/ACCESS.2021.3111118}
}


@InProceedings{mcmahan2017communication,
  title = 	 {{Communication-Efficient Learning of Deep Networks from Decentralized Data}},
  author = 	 {McMahan, Brendan and Moore, Eider and Ramage, Daniel and Hampson, Seth and Arcas, Blaise Aguera y},
  booktitle = 	 {Proceedings of the 20th International Conference on Artificial Intelligence and Statistics},
  pages = 	 {1273--1282},
  year = 	 {2017},
  editor = 	 {Singh, Aarti and Zhu, Jerry},
  volume = 	 {54},
  series = 	 {Proceedings of Machine Learning Research},
  month = 	 {20--22 Apr},
  publisher =    {PMLR},
  pdf = 	 {http://proceedings.mlr.press/v54/mcmahan17a/mcmahan17a.pdf},
  url = 	 {https://proceedings.mlr.press/v54/mcmahan17a.html},
}

@article{chai2024survey,
  title={A survey for federated learning evaluations: Goals and measures},
  author={Chai, Di and Wang, Leye and Yang, Liu and Zhang, Junxue and Chen, Kai and Yang, Qiang},
  journal={IEEE Transactions on Knowledge and Data Engineering},
  year={2024},
  publisher={IEEE}
}


@misc{krizhevsky2009learning,
  title={Learning multiple layers of features from tiny images.},
  author={Krizhevsky, Alex and Hinton, Geoffrey and others},
  year={2009}
}